@article{plenoxels,
  title={Plenoxels: Radiance Fields without Neural Networks},
  author={Yu, Alex and Fridovich-Keil, Sara and Tancik, Matthew and Chen, Qinhong and Recht, Benjamin and Kanazawa, Angjoo},
  journal={arXiv preprint arXiv:2112.05131},
  year={2021}
}

@inproceedings{nerf,
  title={Nerf: Representing scenes as neural radiance fields for view synthesis},
  author={Mildenhall, Ben and Srinivasan, Pratul P and Tancik, Matthew and Barron, Jonathan T and Ramamoorthi, Ravi and Ng, Ren},
  booktitle={European conference on computer vision},
  pages={405--421},
  year={2020},
  organization={Springer}
}

%extracting voxel grid from images, old school style
@article{spacecarving,
  title={A theory of shape by space carving},
  author={Kutulakos, Kiriakos N and Seitz, Steven M},
  journal={International journal of computer vision},
  volume={38},
  number={3},
  pages={199--218},
  year={2000},
  publisher={Springer}
}

@article{directvoxgo,
  title={Direct Voxel Grid Optimization: Super-fast Convergence for Radiance Fields Reconstruction},
  author={Sun, Cheng and Sun, Min and Chen, Hwann-Tzong},
  journal={arXiv preprint arXiv:2111.11215},
  year={2021}
}

@article{instant,
  title={Instant Neural Graphics Primitives with a Multiresolution Hash Encoding},
  author={M{\"u}ller, Thomas and Evans, Alex and Schied, Christoph and Keller, Alexander},
  journal={arXiv preprint arXiv:2201.05989},
  year={2022}
}